<record><leader>00000cas a22000007a 4500</leader><controlfield tag="001">18390991</controlfield><controlfield tag="008">880823d18941901ohudn ne      0    0eng d</controlfield><datafield ind1=" " ind2=" " tag="010"><subfield code="a">sn 88078777 </subfield></datafield><datafield ind1=" " ind2=" " tag="040"><subfield code="a">ONP</subfield><subfield code="b">eng</subfield><subfield code="c">ONP</subfield><subfield code="d">OCLCQ</subfield><subfield code="d">OCLCF</subfield><subfield code="d">OCLCO</subfield></datafield><datafield ind1="1" ind2=" " tag="029"><subfield code="a">AU@</subfield><subfield code="b">000020519936</subfield></datafield><datafield ind1=" " ind2=" " tag="042"><subfield code="a">msc</subfield></datafield><datafield ind1=" " ind2=" " tag="043"><subfield code="a">n-us-oh</subfield></datafield><datafield ind1="0" ind2=" " tag="130"><subfield code="a">Newark daily advocate (Newark, Ohio : 1894)</subfield></datafield><datafield ind1="1" ind2="0" tag="245"><subfield code="a">Newark daily advocate.</subfield></datafield><datafield ind1="3" ind2="0" tag="246"><subfield code="a">Sunday advocate</subfield></datafield><datafield ind1=" " ind2=" " tag="260"><subfield code="a">Newark, Ohio :</subfield><subfield code="b">Advocate Print. Co.,</subfield><subfield code="c">1894-1901.</subfield></datafield><datafield ind1=" " ind2=" " tag="300"><subfield code="a">v.</subfield></datafield><datafield ind1=" " ind2=" " tag="310"><subfield code="a">Daily (except Sun.),</subfield><subfield code="b">Nov. 9, 1896-Feb. 6, 1901</subfield></datafield><datafield ind1=" " ind2=" " tag="321"><subfield code="a">Daily,</subfield><subfield code="b">Jan. 23, 1894-Nov. 8, 1896</subfield></datafield><datafield ind1="0" ind2=" " tag="362"><subfield code="a">Vol. 36, no. 93 (Jan. 23, 1894)-v. 40, no. 44 (Feb. 6, 1901).</subfield></datafield><datafield ind1=" " ind2=" " tag="500"><subfield code="a">On Sundays published as: Sunday advocate, Jan. 23, 1894-Nov. 8, 1896.</subfield></datafield><datafield ind1=" " ind2="0" tag="651"><subfield code="a">Newark (Ohio)</subfield><subfield code="v">Newspapers.</subfield></datafield><datafield ind1=" " ind2="0" tag="651"><subfield code="a">Licking County (Ohio)</subfield><subfield code="v">Newspapers.</subfield></datafield><datafield ind1=" " ind2="7" tag="655"><subfield code="a">Newspapers.</subfield><subfield code="2">fast</subfield><subfield code="0">(OCoLC)fst01423814</subfield></datafield><datafield ind1=" " ind2="7" tag="651"><subfield code="a">Ohio</subfield><subfield code="z">Licking County.</subfield><subfield code="2">fast</subfield><subfield code="0">(OCoLC)fst01207827</subfield></datafield><datafield ind1=" " ind2="7" tag="651"><subfield code="a">Ohio</subfield><subfield code="z">Newark.</subfield><subfield code="2">fast</subfield><subfield code="0">(OCoLC)fst01207972</subfield></datafield><datafield ind1=" " ind2=" " tag="752"><subfield code="a">United States</subfield><subfield code="b">Ohio</subfield><subfield code="c">Licking</subfield><subfield code="d">Newark.</subfield></datafield><datafield ind1="0" ind2=" " tag="775"><subfield code="t">Newark weekly advocate</subfield><subfield code="w">(DLC)sn 88078783</subfield></datafield><datafield ind1="0" ind2=" " tag="775"><subfield code="t">Newark advocate (Newark, Ohio : 1901 : Semiweekly)</subfield><subfield code="w">(DLC)sn 88078782</subfield></datafield><datafield ind1="0" ind2="0" tag="780"><subfield code="t">Daily advocate (Newark, Ohio : 1892)</subfield><subfield code="w">(DLC)sn 88078778</subfield></datafield><datafield ind1="0" ind2="0" tag="785"><subfield code="t">Newark advocate (Newark, Ohio : 1901 : Daily)</subfield><subfield code="w">(DLC)sn 84028856</subfield></datafield></record>